<?xml version="1.0" encoding="UTF-8"?><collection xmlns="http://www.loc.gov/MARC21/slim"><record><leader>00352nam--2200121-i-4500</leader><controlfield tag="001">000046101</controlfield><controlfield tag="002">20161230</controlfield><controlfield tag="005">20161230201045</controlfield><controlfield tag="008">060222s1000------------r-----000-0-eng-d</controlfield><datafield ind1=" " ind2=" " tag="080"><subfield code="a">061(41.4):621.039(047)</subfield></datafield><datafield ind1=" " ind2=" " tag="245"><subfield code="a">United kingdom atomic energy authority: nineteenth annual report and accounts 1972-1973</subfield></datafield><datafield ind1=" " ind2=" " tag="260"><subfield code="a">London, H.M.S.O. 1973</subfield></datafield><datafield ind1=" " ind2=" " tag="852"><subfield code="a">10744</subfield></datafield></record></collection>